@book{Introduction to Mobile Security,
  title={Introduction to Mobile Security.},
  author={},
  isbn={},
  url={www.rit.edu/security/content/introduction-mobile-security},
  year={},
  publisher={}
}
@book{Mobile Banking in the U.S.,
  title={Mobile Banking in the U.S.},
  author={},
  isbn={},
  url={www.statista.com/topics/2614/mobile-banking/#dossierSummary},
  year={},
  publisher={}
}
@book{OWASP Mobile Top 10,
  title={OWASP Mobile Top 10},
  author={},
  isbn={},
  url={owasp.org/www-project-mobile-top-10/},
  year={},
  publisher={}
}
@book{“What Is a Hash? (And How Does It Work?).” SentinelOne,
  title={“What Is a Hash? (And How Does It Work?).” SentinelOne},
  author={},
  isbn={},
  url={},
  year={23 May 2019},
  publisher={www.sentinelone.com/blog/what-is-hash-how-does-it-work/}
}
@book{Kaspersky. “Cryptography Definition.”,
  title={Kaspersky. “Cryptography Definition.”},
  author={},
  isbn={},
  url={www.kaspersky.com/resource-center/definitions/what-is-cryptography},
  year={13 Jan. 2021},
  publisher={}
}
@book{CyberChef,
  title={CyberChef},
  author={},
  isbn={},
  url={gchq.github.io/CyberChef/},
  year={},
  publisher={}
}
@book{Facebook Data Breach: Here's What To Do Now.” Forbes, Forbes Magazine,
  title={Facebook Data Breach: Here's What To Do Now.” Forbes, Forbes Magazine},
  author={O'Flaherty, Kate},
  isbn={},
  url={www.forbes.com/sites/kateoflahertyuk/2021/04/06/facebook-data-breach-heres-what-to-do-now/?sh=3070f4485708},
  year={6 Apr. 2021},
  publisher={}
}
@book{“What Is Mobile Application Penetration Testing?: KirkpatrickPrice.” KirkpatrickPrice Home, Jenna Kersten ,
  title={“What Is Mobile Application Penetration Testing?: KirkpatrickPrice.” KirkpatrickPrice Home, Jenna Kersten },
  author={Kersten, Jenna},
  isbn={},
  url={Https://Kirkpatrickprice.com/Wp-Content/Uploads/2016/06/KirkpatrickPrice_Logo.Png},
  year={27 Feb. 2020},
  publisher={}
}